@misc{munir2022edge,
  title   = {18 - Pendeteksian tepi (edge detection) (Bagian 1)},
  journal = {Kelas IF4073 Interpretasi dan Pengolahan Citra},
  author  = {Munir, Rinaldi},
  year    = {2022}
}
@misc{munir2022kontur,
  title   = {21 - Kontur},
  journal = {Kelas IF4073 Interpretasi dan Pengolahan Citra},
  author  = {Munir, Rinaldi},
  year    = {2022}
}
@book{gonzalez2009digital,
  title     = {Digital image processing},
  author    = {Gonzalez, Rafael C},
  year      = {2009},
  publisher = {Pearson education india}
}
@inproceedings{takayama2012face,
  title     = {Face detection and face recognition of cartoon characters using feature extraction},
  author    = {Takayama, Kohei and Johan, Henry and Nishita, Tomoyuki},
  booktitle = {Image, Electronics and Visual Computing Workshop},
  pages     = {48},
  year      = {2012}
} 
@article{bryce2010manga,
  title     = {Manga and anime: Fluidity and hybridity in global imagery},
  author    = {Bryce, Mio and Barber, Christie and Kelly, James and Kunwar, Siris and Plumb, Amy},
  journal   = {electronic journal of contemporary japanese studies},
  year      = {2010},
  publisher = {electronic journal of contemporary japanese studies}
} 
